%YAML 1.1
%TAG !u! tag:unity3d.com,2011:
--- !u!1001 &100100000
Prefab:
  m_ObjectHideFlags: 1
  serializedVersion: 2
  m_Modification:
    m_TransformParent: {fileID: 0}
    m_Modifications: []
    m_RemovedComponents: []
  m_ParentPrefab: {fileID: 0}
  m_RootGameObject: {fileID: 1465247509159368}
  m_IsPrefabParent: 1
--- !u!1 &1032046098418256
GameObject:
  m_ObjectHideFlags: 0
  m_PrefabParentObject: {fileID: 0}
  m_PrefabInternal: {fileID: 100100000}
  serializedVersion: 5
  m_Component:
  - component: {fileID: 4895906052281770}
  - component: {fileID: 33524679405742754}
  - component: {fileID: 23940160595565286}
  - component: {fileID: 65254417941765748}
  - component: {fileID: 54778875367754706}
  m_Layer: 12
  m_Name: Cube_012
  m_TagString: Untagged
  m_Icon: {fileID: 0}
  m_NavMeshLayer: 0
  m_StaticEditorFlags: 0
  m_IsActive: 1
--- !u!1 &1036183417126994
GameObject:
  m_ObjectHideFlags: 0
  m_PrefabParentObject: {fileID: 0}
  m_PrefabInternal: {fileID: 100100000}
  serializedVersion: 5
  m_Component:
  - component: {fileID: 4128558405330946}
  - component: {fileID: 33578371895097268}
  - component: {fileID: 23289852380668630}
  - component: {fileID: 65187785146841248}
  - component: {fileID: 54539597004860358}
  m_Layer: 12
  m_Name: Cube_020
  m_TagString: Untagged
  m_Icon: {fileID: 0}
  m_NavMeshLayer: 0
  m_StaticEditorFlags: 0
  m_IsActive: 1
--- !u!1 &1089532289469160
GameObject:
  m_ObjectHideFlags: 0
  m_PrefabParentObject: {fileID: 0}
  m_PrefabInternal: {fileID: 100100000}
  serializedVersion: 5
  m_Component:
  - component: {fileID: 4711661087108026}
  - component: {fileID: 33460182284039638}
  - component: {fileID: 23880479368850410}
  - component: {fileID: 65010882438379972}
  - component: {fileID: 54919629879154822}
  m_Layer: 12
  m_Name: Cube_019
  m_TagString: Untagged
  m_Icon: {fileID: 0}
  m_NavMeshLayer: 0
  m_StaticEditorFlags: 0
  m_IsActive: 1
--- !u!1 &1132234834157972
GameObject:
  m_ObjectHideFlags: 0
  m_PrefabParentObject: {fileID: 0}
  m_PrefabInternal: {fileID: 100100000}
  serializedVersion: 5
  m_Component:
  - component: {fileID: 4275889617957796}
  - component: {fileID: 33321819436986150}
  - component: {fileID: 23223705943544588}
  - component: {fileID: 65976994802556820}
  - component: {fileID: 54594851460112600}
  m_Layer: 12
  m_Name: Cube_013
  m_TagString: Untagged
  m_Icon: {fileID: 0}
  m_NavMeshLayer: 0
  m_StaticEditorFlags: 0
  m_IsActive: 1
--- !u!1 &1263705885173416
GameObject:
  m_ObjectHideFlags: 0
  m_PrefabParentObject: {fileID: 0}
  m_PrefabInternal: {fileID: 100100000}
  serializedVersion: 5
  m_Component:
  - component: {fileID: 4852403870185588}
  - component: {fileID: 33126152092735764}
  - component: {fileID: 23581866288585988}
  - component: {fileID: 65396345177226192}
  - component: {fileID: 54135118493670620}
  m_Layer: 12
  m_Name: Cube_005
  m_TagString: Untagged
  m_Icon: {fileID: 0}
  m_NavMeshLayer: 0
  m_StaticEditorFlags: 0
  m_IsActive: 1
--- !u!1 &1281648567136530
GameObject:
  m_ObjectHideFlags: 0
  m_PrefabParentObject: {fileID: 0}
  m_PrefabInternal: {fileID: 100100000}
  serializedVersion: 5
  m_Component:
  - component: {fileID: 4372723924348768}
  - component: {fileID: 33999114484126638}
  - component: {fileID: 23722509166880078}
  - component: {fileID: 65289393597648684}
  - component: {fileID: 54348643026861464}
  m_Layer: 12
  m_Name: Cube_023
  m_TagString: Untagged
  m_Icon: {fileID: 0}
  m_NavMeshLayer: 0
  m_StaticEditorFlags: 0
  m_IsActive: 1
--- !u!1 &1465247509159368
GameObject:
  m_ObjectHideFlags: 0
  m_PrefabParentObject: {fileID: 0}
  m_PrefabInternal: {fileID: 100100000}
  serializedVersion: 5
  m_Component:
  - component: {fileID: 4373517471112850}
  - component: {fileID: 114267682873891006}
  m_Layer: 0
  m_Name: crate debris
  m_TagString: Untagged
  m_Icon: {fileID: 0}
  m_NavMeshLayer: 0
  m_StaticEditorFlags: 0
  m_IsActive: 1
--- !u!1 &1475523616419828
GameObject:
  m_ObjectHideFlags: 0
  m_PrefabParentObject: {fileID: 0}
  m_PrefabInternal: {fileID: 100100000}
  serializedVersion: 5
  m_Component:
  - component: {fileID: 4670614007131512}
  - component: {fileID: 33866377409278478}
  - component: {fileID: 23337896952325760}
  - component: {fileID: 65697502183959808}
  - component: {fileID: 54267403173083548}
  m_Layer: 12
  m_Name: Cube_022
  m_TagString: Untagged
  m_Icon: {fileID: 0}
  m_NavMeshLayer: 0
  m_StaticEditorFlags: 0
  m_IsActive: 1
--- !u!1 &1536747966139360
GameObject:
  m_ObjectHideFlags: 0
  m_PrefabParentObject: {fileID: 0}
  m_PrefabInternal: {fileID: 100100000}
  serializedVersion: 5
  m_Component:
  - component: {fileID: 4234341838100806}
  - component: {fileID: 33306680192517680}
  - component: {fileID: 23459626486122778}
  - component: {fileID: 65235564852448976}
  - component: {fileID: 54411800129152072}
  m_Layer: 12
  m_Name: Cube_009
  m_TagString: Untagged
  m_Icon: {fileID: 0}
  m_NavMeshLayer: 0
  m_StaticEditorFlags: 0
  m_IsActive: 1
--- !u!1 &1882297067631074
GameObject:
  m_ObjectHideFlags: 0
  m_PrefabParentObject: {fileID: 0}
  m_PrefabInternal: {fileID: 100100000}
  serializedVersion: 5
  m_Component:
  - component: {fileID: 4083731546556126}
  - component: {fileID: 33415211879495848}
  - component: {fileID: 23769933427724952}
  - component: {fileID: 65923069348624686}
  - component: {fileID: 54060397712732366}
  m_Layer: 12
  m_Name: Cube_010
  m_TagString: Untagged
  m_Icon: {fileID: 0}
  m_NavMeshLayer: 0
  m_StaticEditorFlags: 0
  m_IsActive: 1
--- !u!1 &1886927504399000
GameObject:
  m_ObjectHideFlags: 0
  m_PrefabParentObject: {fileID: 0}
  m_PrefabInternal: {fileID: 100100000}
  serializedVersion: 5
  m_Component:
  - component: {fileID: 4992755249411790}
  - component: {fileID: 33898084318380748}
  - component: {fileID: 23331207017518570}
  - component: {fileID: 65832468206117736}
  - component: {fileID: 54950818212161482}
  m_Layer: 12
  m_Name: Cube_024
  m_TagString: Untagged
  m_Icon: {fileID: 0}
  m_NavMeshLayer: 0
  m_StaticEditorFlags: 0
  m_IsActive: 1
--- !u!1 &1894186927802644
GameObject:
  m_ObjectHideFlags: 0
  m_PrefabParentObject: {fileID: 0}
  m_PrefabInternal: {fileID: 100100000}
  serializedVersion: 5
  m_Component:
  - component: {fileID: 4433020064196582}
  - component: {fileID: 33906726952517672}
  - component: {fileID: 23869054171339674}
  - component: {fileID: 65572636166685334}
  - component: {fileID: 54416678399326740}
  m_Layer: 12
  m_Name: Cube_021
  m_TagString: Untagged
  m_Icon: {fileID: 0}
  m_NavMeshLayer: 0
  m_StaticEditorFlags: 0
  m_IsActive: 1
--- !u!1 &1969459045937400
GameObject:
  m_ObjectHideFlags: 0
  m_PrefabParentObject: {fileID: 0}
  m_PrefabInternal: {fileID: 100100000}
  serializedVersion: 5
  m_Component:
  - component: {fileID: 4184629973119122}
  - component: {fileID: 33774216285927016}
  - component: {fileID: 23132608971460754}
  - component: {fileID: 65621796746348986}
  - component: {fileID: 54301029831782358}
  m_Layer: 12
  m_Name: Cube_018
  m_TagString: Untagged
  m_Icon: {fileID: 0}
  m_NavMeshLayer: 0
  m_StaticEditorFlags: 0
  m_IsActive: 1
--- !u!4 &4083731546556126
Transform:
  m_ObjectHideFlags: 1
  m_PrefabParentObject: {fileID: 0}
  m_PrefabInternal: {fileID: 100100000}
  m_GameObject: {fileID: 1882297067631074}
  m_LocalRotation: {x: -0.6526566, y: 0.0085101025, z: -0.01089362, w: 0.75752777}
  m_LocalPosition: {x: -0.195, y: 0.136, z: 0.178}
  m_LocalScale: {x: 0.4708445, y: 0.4708445, z: 0.3609402}
  m_Children: []
  m_Father: {fileID: 4373517471112850}
  m_RootOrder: 2
  m_LocalEulerAnglesHint: {x: -98.649994, y: -169.614, z: 169.421}
--- !u!4 &4128558405330946
Transform:
  m_ObjectHideFlags: 1
  m_PrefabParentObject: {fileID: 0}
  m_PrefabInternal: {fileID: 100100000}
  m_GameObject: {fileID: 1036183417126994}
  m_LocalRotation: {x: -0.46253726, y: 0.5493317, z: 0.46058375, w: 0.52168626}
  m_LocalPosition: {x: -0.231, y: 0.135, z: -0.001}
  m_LocalScale: {x: 0.4708445, y: 0.4708445, z: 0.3609402}
  m_Children: []
  m_Father: {fileID: 4373517471112850}
  m_RootOrder: 7
  m_LocalEulerAnglesHint: {x: -98.649994, y: -77.94501, z: 169.421}
--- !u!4 &4184629973119122
Transform:
  m_ObjectHideFlags: 1
  m_PrefabParentObject: {fileID: 0}
  m_PrefabInternal: {fileID: 100100000}
  m_GameObject: {fileID: 1969459045937400}
  m_LocalRotation: {x: -0.6526566, y: 0.0085101025, z: -0.01089362, w: 0.75752777}
  m_LocalPosition: {x: 0.14, y: 0.145, z: -0.11}
  m_LocalScale: {x: 0.4708445, y: 0.4708445, z: 0.3609402}
  m_Children: []
  m_Father: {fileID: 4373517471112850}
  m_RootOrder: 5
  m_LocalEulerAnglesHint: {x: -98.649994, y: -169.614, z: 169.421}
--- !u!4 &4234341838100806
Transform:
  m_ObjectHideFlags: 1
  m_PrefabParentObject: {fileID: 0}
  m_PrefabInternal: {fileID: 100100000}
  m_GameObject: {fileID: 1536747966139360}
  m_LocalRotation: {x: -0.6526566, y: 0.0085101025, z: -0.01089362, w: 0.75752777}
  m_LocalPosition: {x: -0.029, y: 0.154, z: 0.186}
  m_LocalScale: {x: 0.4708445, y: 0.4708445, z: 0.3609402}
  m_Children: []
  m_Father: {fileID: 4373517471112850}
  m_RootOrder: 1
  m_LocalEulerAnglesHint: {x: -98.649994, y: -169.614, z: 169.421}
--- !u!4 &4275889617957796
Transform:
  m_ObjectHideFlags: 1
  m_PrefabParentObject: {fileID: 0}
  m_PrefabInternal: {fileID: 100100000}
  m_GameObject: {fileID: 1132234834157972}
  m_LocalRotation: {x: -0.6526566, y: 0.0085101025, z: -0.01089362, w: 0.75752777}
  m_LocalPosition: {x: 0.008, y: 0.135, z: -0.186}
  m_LocalScale: {x: 0.4708445, y: 0.4708445, z: 0.3609402}
  m_Children: []
  m_Father: {fileID: 4373517471112850}
  m_RootOrder: 4
  m_LocalEulerAnglesHint: {x: -98.649994, y: -169.614, z: 169.421}
--- !u!4 &4372723924348768
Transform:
  m_ObjectHideFlags: 1
  m_PrefabParentObject: {fileID: 0}
  m_PrefabInternal: {fileID: 100100000}
  m_GameObject: {fileID: 1281648567136530}
  m_LocalRotation: {x: -0.46253726, y: 0.5493317, z: 0.46058375, w: 0.52168626}
  m_LocalPosition: {x: 0.142, y: 0.154, z: 0.025}
  m_LocalScale: {x: 0.4708445, y: 0.4708445, z: 0.3609402}
  m_Children: []
  m_Father: {fileID: 4373517471112850}
  m_RootOrder: 10
  m_LocalEulerAnglesHint: {x: -98.649994, y: -77.94501, z: 169.421}
--- !u!4 &4373517471112850
Transform:
  m_ObjectHideFlags: 1
  m_PrefabParentObject: {fileID: 0}
  m_PrefabInternal: {fileID: 100100000}
  m_GameObject: {fileID: 1465247509159368}
  m_LocalRotation: {x: -0, y: -0, z: -0, w: 1}
  m_LocalPosition: {x: -2.3160262, y: 1.3752666, z: -14.319023}
  m_LocalScale: {x: 0.84585786, y: 0.84585786, z: 0.84585786}
  m_Children:
  - {fileID: 4852403870185588}
  - {fileID: 4234341838100806}
  - {fileID: 4083731546556126}
  - {fileID: 4895906052281770}
  - {fileID: 4275889617957796}
  - {fileID: 4184629973119122}
  - {fileID: 4711661087108026}
  - {fileID: 4128558405330946}
  - {fileID: 4433020064196582}
  - {fileID: 4670614007131512}
  - {fileID: 4372723924348768}
  - {fileID: 4992755249411790}
  m_Father: {fileID: 0}
  m_RootOrder: 0
  m_LocalEulerAnglesHint: {x: 0, y: 0, z: 0}
--- !u!4 &4433020064196582
Transform:
  m_ObjectHideFlags: 1
  m_PrefabParentObject: {fileID: 0}
  m_PrefabInternal: {fileID: 100100000}
  m_GameObject: {fileID: 1894186927802644}
  m_LocalRotation: {x: -0.46253726, y: 0.5493317, z: 0.46058375, w: 0.52168626}
  m_LocalPosition: {x: -0.235, y: 0.117, z: 0.165}
  m_LocalScale: {x: 0.4708445, y: 0.4708445, z: 0.3609402}
  m_Children: []
  m_Father: {fileID: 4373517471112850}
  m_RootOrder: 8
  m_LocalEulerAnglesHint: {x: -98.649994, y: -77.94501, z: 169.421}
--- !u!4 &4670614007131512
Transform:
  m_ObjectHideFlags: 1
  m_PrefabParentObject: {fileID: 0}
  m_PrefabInternal: {fileID: 100100000}
  m_GameObject: {fileID: 1475523616419828}
  m_LocalRotation: {x: -0.46253726, y: 0.5493317, z: 0.46058375, w: 0.52168626}
  m_LocalPosition: {x: 0.138, y: 0.136, z: 0.192}
  m_LocalScale: {x: 0.4708445, y: 0.4708445, z: 0.3609402}
  m_Children: []
  m_Father: {fileID: 4373517471112850}
  m_RootOrder: 9
  m_LocalEulerAnglesHint: {x: -98.649994, y: -77.94501, z: 169.421}
--- !u!4 &4711661087108026
Transform:
  m_ObjectHideFlags: 1
  m_PrefabParentObject: {fileID: 0}
  m_PrefabInternal: {fileID: 100100000}
  m_GameObject: {fileID: 1089532289469160}
  m_LocalRotation: {x: -0.46253726, y: 0.5493317, z: 0.46058375, w: 0.52168626}
  m_LocalPosition: {x: -0.159, y: 0.145, z: -0.135}
  m_LocalScale: {x: 0.4708445, y: 0.4708445, z: 0.3609402}
  m_Children: []
  m_Father: {fileID: 4373517471112850}
  m_RootOrder: 6
  m_LocalEulerAnglesHint: {x: -98.649994, y: -77.94501, z: 169.421}
--- !u!4 &4852403870185588
Transform:
  m_ObjectHideFlags: 1
  m_PrefabParentObject: {fileID: 0}
  m_PrefabInternal: {fileID: 100100000}
  m_GameObject: {fileID: 1263705885173416}
  m_LocalRotation: {x: -0.6526566, y: 0.0085101025, z: -0.01089362, w: 0.75752777}
  m_LocalPosition: {x: 0.103, y: 0.163, z: 0.262}
  m_LocalScale: {x: 0.4708445, y: 0.4708445, z: 0.3609402}
  m_Children: []
  m_Father: {fileID: 4373517471112850}
  m_RootOrder: 0
  m_LocalEulerAnglesHint: {x: -98.649994, y: -169.614, z: 169.421}
--- !u!4 &4895906052281770
Transform:
  m_ObjectHideFlags: 1
  m_PrefabParentObject: {fileID: 0}
  m_PrefabInternal: {fileID: 100100000}
  m_GameObject: {fileID: 1032046098418256}
  m_LocalRotation: {x: -0.6526566, y: 0.0085101025, z: -0.01089362, w: 0.75752777}
  m_LocalPosition: {x: -0.158, y: 0.117, z: -0.194}
  m_LocalScale: {x: 0.4708445, y: 0.4708445, z: 0.3609402}
  m_Children: []
  m_Father: {fileID: 4373517471112850}
  m_RootOrder: 3
  m_LocalEulerAnglesHint: {x: -98.649994, y: -169.614, z: 169.421}
--- !u!4 &4992755249411790
Transform:
  m_ObjectHideFlags: 1
  m_PrefabParentObject: {fileID: 0}
  m_PrefabInternal: {fileID: 100100000}
  m_GameObject: {fileID: 1886927504399000}
  m_LocalRotation: {x: -0.46253726, y: 0.5493317, z: 0.46058375, w: 0.52168626}
  m_LocalPosition: {x: 0.214, y: 0.163, z: -0.109}
  m_LocalScale: {x: 0.4708445, y: 0.4708445, z: 0.3609402}
  m_Children: []
  m_Father: {fileID: 4373517471112850}
  m_RootOrder: 11
  m_LocalEulerAnglesHint: {x: -98.649994, y: -77.94501, z: 169.421}
--- !u!23 &23132608971460754
MeshRenderer:
  m_ObjectHideFlags: 1
  m_PrefabParentObject: {fileID: 0}
  m_PrefabInternal: {fileID: 100100000}
  m_GameObject: {fileID: 1969459045937400}
  m_Enabled: 1
  m_CastShadows: 1
  m_ReceiveShadows: 1
  m_MotionVectors: 1
  m_LightProbeUsage: 1
  m_ReflectionProbeUsage: 1
  m_Materials:
  - {fileID: 2100000, guid: 7d331cc1bfef4004f8c424b30d2ffe89, type: 2}
  m_StaticBatchInfo:
    firstSubMesh: 0
    subMeshCount: 0
  m_StaticBatchRoot: {fileID: 0}
  m_ProbeAnchor: {fileID: 0}
  m_LightProbeVolumeOverride: {fileID: 0}
  m_ScaleInLightmap: 1
  m_PreserveUVs: 0
  m_IgnoreNormalsForChartDetection: 0
  m_ImportantGI: 0
  m_SelectedEditorRenderState: 3
  m_MinimumChartSize: 4
  m_AutoUVMaxDistance: 0.5
  m_AutoUVMaxAngle: 89
  m_LightmapParameters: {fileID: 0}
  m_SortingLayerID: 0
  m_SortingOrder: 0
--- !u!23 &23223705943544588
MeshRenderer:
  m_ObjectHideFlags: 1
  m_PrefabParentObject: {fileID: 0}
  m_PrefabInternal: {fileID: 100100000}
  m_GameObject: {fileID: 1132234834157972}
  m_Enabled: 1
  m_CastShadows: 1
  m_ReceiveShadows: 1
  m_MotionVectors: 1
  m_LightProbeUsage: 1
  m_ReflectionProbeUsage: 1
  m_Materials:
  - {fileID: 2100000, guid: 7d331cc1bfef4004f8c424b30d2ffe89, type: 2}
  m_StaticBatchInfo:
    firstSubMesh: 0
    subMeshCount: 0
  m_StaticBatchRoot: {fileID: 0}
  m_ProbeAnchor: {fileID: 0}
  m_LightProbeVolumeOverride: {fileID: 0}
  m_ScaleInLightmap: 1
  m_PreserveUVs: 0
  m_IgnoreNormalsForChartDetection: 0
  m_ImportantGI: 0
  m_SelectedEditorRenderState: 3
  m_MinimumChartSize: 4
  m_AutoUVMaxDistance: 0.5
  m_AutoUVMaxAngle: 89
  m_LightmapParameters: {fileID: 0}
  m_SortingLayerID: 0
  m_SortingOrder: 0
--- !u!23 &23289852380668630
MeshRenderer:
  m_ObjectHideFlags: 1
  m_PrefabParentObject: {fileID: 0}
  m_PrefabInternal: {fileID: 100100000}
  m_GameObject: {fileID: 1036183417126994}
  m_Enabled: 1
  m_CastShadows: 1
  m_ReceiveShadows: 1
  m_MotionVectors: 1
  m_LightProbeUsage: 1
  m_ReflectionProbeUsage: 1
  m_Materials:
  - {fileID: 2100000, guid: 7d331cc1bfef4004f8c424b30d2ffe89, type: 2}
  m_StaticBatchInfo:
    firstSubMesh: 0
    subMeshCount: 0
  m_StaticBatchRoot: {fileID: 0}
  m_ProbeAnchor: {fileID: 0}
  m_LightProbeVolumeOverride: {fileID: 0}
  m_ScaleInLightmap: 1
  m_PreserveUVs: 0
  m_IgnoreNormalsForChartDetection: 0
  m_ImportantGI: 0
  m_SelectedEditorRenderState: 3
  m_MinimumChartSize: 4
  m_AutoUVMaxDistance: 0.5
  m_AutoUVMaxAngle: 89
  m_LightmapParameters: {fileID: 0}
  m_SortingLayerID: 0
  m_SortingOrder: 0
--- !u!23 &23331207017518570
MeshRenderer:
  m_ObjectHideFlags: 1
  m_PrefabParentObject: {fileID: 0}
  m_PrefabInternal: {fileID: 100100000}
  m_GameObject: {fileID: 1886927504399000}
  m_Enabled: 1
  m_CastShadows: 1
  m_ReceiveShadows: 1
  m_MotionVectors: 1
  m_LightProbeUsage: 1
  m_ReflectionProbeUsage: 1
  m_Materials:
  - {fileID: 2100000, guid: 7d331cc1bfef4004f8c424b30d2ffe89, type: 2}
  m_StaticBatchInfo:
    firstSubMesh: 0
    subMeshCount: 0
  m_StaticBatchRoot: {fileID: 0}
  m_ProbeAnchor: {fileID: 0}
  m_LightProbeVolumeOverride: {fileID: 0}
  m_ScaleInLightmap: 1
  m_PreserveUVs: 0
  m_IgnoreNormalsForChartDetection: 0
  m_ImportantGI: 0
  m_SelectedEditorRenderState: 3
  m_MinimumChartSize: 4
  m_AutoUVMaxDistance: 0.5
  m_AutoUVMaxAngle: 89
  m_LightmapParameters: {fileID: 0}
  m_SortingLayerID: 0
  m_SortingOrder: 0
--- !u!23 &23337896952325760
MeshRenderer:
  m_ObjectHideFlags: 1
  m_PrefabParentObject: {fileID: 0}
  m_PrefabInternal: {fileID: 100100000}
  m_GameObject: {fileID: 1475523616419828}
  m_Enabled: 1
  m_CastShadows: 1
  m_ReceiveShadows: 1
  m_MotionVectors: 1
  m_LightProbeUsage: 1
  m_ReflectionProbeUsage: 1
  m_Materials:
  - {fileID: 2100000, guid: 7d331cc1bfef4004f8c424b30d2ffe89, type: 2}
  m_StaticBatchInfo:
    firstSubMesh: 0
    subMeshCount: 0
  m_StaticBatchRoot: {fileID: 0}
  m_ProbeAnchor: {fileID: 0}
  m_LightProbeVolumeOverride: {fileID: 0}
  m_ScaleInLightmap: 1
  m_PreserveUVs: 0
  m_IgnoreNormalsForChartDetection: 0
  m_ImportantGI: 0
  m_SelectedEditorRenderState: 3
  m_MinimumChartSize: 4
  m_AutoUVMaxDistance: 0.5
  m_AutoUVMaxAngle: 89
  m_LightmapParameters: {fileID: 0}
  m_SortingLayerID: 0
  m_SortingOrder: 0
--- !u!23 &23459626486122778
MeshRenderer:
  m_ObjectHideFlags: 1
  m_PrefabParentObject: {fileID: 0}
  m_PrefabInternal: {fileID: 100100000}
  m_GameObject: {fileID: 1536747966139360}
  m_Enabled: 1
  m_CastShadows: 1
  m_ReceiveShadows: 1
  m_MotionVectors: 1
  m_LightProbeUsage: 1
  m_ReflectionProbeUsage: 1
  m_Materials:
  - {fileID: 2100000, guid: 7d331cc1bfef4004f8c424b30d2ffe89, type: 2}
  m_StaticBatchInfo:
    firstSubMesh: 0
    subMeshCount: 0
  m_StaticBatchRoot: {fileID: 0}
  m_ProbeAnchor: {fileID: 0}
  m_LightProbeVolumeOverride: {fileID: 0}
  m_ScaleInLightmap: 1
  m_PreserveUVs: 0
  m_IgnoreNormalsForChartDetection: 0
  m_ImportantGI: 0
  m_SelectedEditorRenderState: 3
  m_MinimumChartSize: 4
  m_AutoUVMaxDistance: 0.5
  m_AutoUVMaxAngle: 89
  m_LightmapParameters: {fileID: 0}
  m_SortingLayerID: 0
  m_SortingOrder: 0
--- !u!23 &23581866288585988
MeshRenderer:
  m_ObjectHideFlags: 1
  m_PrefabParentObject: {fileID: 0}
  m_PrefabInternal: {fileID: 100100000}
  m_GameObject: {fileID: 1263705885173416}
  m_Enabled: 1
  m_CastShadows: 1
  m_ReceiveShadows: 1
  m_MotionVectors: 1
  m_LightProbeUsage: 1
  m_ReflectionProbeUsage: 1
  m_Materials:
  - {fileID: 2100000, guid: 7d331cc1bfef4004f8c424b30d2ffe89, type: 2}
  m_StaticBatchInfo:
    firstSubMesh: 0
    subMeshCount: 0
  m_StaticBatchRoot: {fileID: 0}
  m_ProbeAnchor: {fileID: 0}
  m_LightProbeVolumeOverride: {fileID: 0}
  m_ScaleInLightmap: 1
  m_PreserveUVs: 0
  m_IgnoreNormalsForChartDetection: 0
  m_ImportantGI: 0
  m_SelectedEditorRenderState: 3
  m_MinimumChartSize: 4
  m_AutoUVMaxDistance: 0.5
  m_AutoUVMaxAngle: 89
  m_LightmapParameters: {fileID: 0}
  m_SortingLayerID: 0
  m_SortingOrder: 0
--- !u!23 &23722509166880078
MeshRenderer:
  m_ObjectHideFlags: 1
  m_PrefabParentObject: {fileID: 0}
  m_PrefabInternal: {fileID: 100100000}
  m_GameObject: {fileID: 1281648567136530}
  m_Enabled: 1
  m_CastShadows: 1
  m_ReceiveShadows: 1
  m_MotionVectors: 1
  m_LightProbeUsage: 1
  m_ReflectionProbeUsage: 1
  m_Materials:
  - {fileID: 2100000, guid: 7d331cc1bfef4004f8c424b30d2ffe89, type: 2}
  m_StaticBatchInfo:
    firstSubMesh: 0
    subMeshCount: 0
  m_StaticBatchRoot: {fileID: 0}
  m_ProbeAnchor: {fileID: 0}
  m_LightProbeVolumeOverride: {fileID: 0}
  m_ScaleInLightmap: 1
  m_PreserveUVs: 0
  m_IgnoreNormalsForChartDetection: 0
  m_ImportantGI: 0
  m_SelectedEditorRenderState: 3
  m_MinimumChartSize: 4
  m_AutoUVMaxDistance: 0.5
  m_AutoUVMaxAngle: 89
  m_LightmapParameters: {fileID: 0}
  m_SortingLayerID: 0
  m_SortingOrder: 0
--- !u!23 &23769933427724952
MeshRenderer:
  m_ObjectHideFlags: 1
  m_PrefabParentObject: {fileID: 0}
  m_PrefabInternal: {fileID: 100100000}
  m_GameObject: {fileID: 1882297067631074}
  m_Enabled: 1
  m_CastShadows: 1
  m_ReceiveShadows: 1
  m_MotionVectors: 1
  m_LightProbeUsage: 1
  m_ReflectionProbeUsage: 1
  m_Materials:
  - {fileID: 2100000, guid: 7d331cc1bfef4004f8c424b30d2ffe89, type: 2}
  m_StaticBatchInfo:
    firstSubMesh: 0
    subMeshCount: 0
  m_StaticBatchRoot: {fileID: 0}
  m_ProbeAnchor: {fileID: 0}
  m_LightProbeVolumeOverride: {fileID: 0}
  m_ScaleInLightmap: 1
  m_PreserveUVs: 0
  m_IgnoreNormalsForChartDetection: 0
  m_ImportantGI: 0
  m_SelectedEditorRenderState: 3
  m_MinimumChartSize: 4
  m_AutoUVMaxDistance: 0.5
  m_AutoUVMaxAngle: 89
  m_LightmapParameters: {fileID: 0}
  m_SortingLayerID: 0
  m_SortingOrder: 0
--- !u!23 &23869054171339674
MeshRenderer:
  m_ObjectHideFlags: 1
  m_PrefabParentObject: {fileID: 0}
  m_PrefabInternal: {fileID: 100100000}
  m_GameObject: {fileID: 1894186927802644}
  m_Enabled: 1
  m_CastShadows: 1
  m_ReceiveShadows: 1
  m_MotionVectors: 1
  m_LightProbeUsage: 1
  m_ReflectionProbeUsage: 1
  m_Materials:
  - {fileID: 2100000, guid: 7d331cc1bfef4004f8c424b30d2ffe89, type: 2}
  m_StaticBatchInfo:
    firstSubMesh: 0
    subMeshCount: 0
  m_StaticBatchRoot: {fileID: 0}
  m_ProbeAnchor: {fileID: 0}
  m_LightProbeVolumeOverride: {fileID: 0}
  m_ScaleInLightmap: 1
  m_PreserveUVs: 0
  m_IgnoreNormalsForChartDetection: 0
  m_ImportantGI: 0
  m_SelectedEditorRenderState: 3
  m_MinimumChartSize: 4
  m_AutoUVMaxDistance: 0.5
  m_AutoUVMaxAngle: 89
  m_LightmapParameters: {fileID: 0}
  m_SortingLayerID: 0
  m_SortingOrder: 0
--- !u!23 &23880479368850410
MeshRenderer:
  m_ObjectHideFlags: 1
  m_PrefabParentObject: {fileID: 0}
  m_PrefabInternal: {fileID: 100100000}
  m_GameObject: {fileID: 1089532289469160}
  m_Enabled: 1
  m_CastShadows: 1
  m_ReceiveShadows: 1
  m_MotionVectors: 1
  m_LightProbeUsage: 1
  m_ReflectionProbeUsage: 1
  m_Materials:
  - {fileID: 2100000, guid: 7d331cc1bfef4004f8c424b30d2ffe89, type: 2}
  m_StaticBatchInfo:
    firstSubMesh: 0
    subMeshCount: 0
  m_StaticBatchRoot: {fileID: 0}
  m_ProbeAnchor: {fileID: 0}
  m_LightProbeVolumeOverride: {fileID: 0}
  m_ScaleInLightmap: 1
  m_PreserveUVs: 0
  m_IgnoreNormalsForChartDetection: 0
  m_ImportantGI: 0
  m_SelectedEditorRenderState: 3
  m_MinimumChartSize: 4
  m_AutoUVMaxDistance: 0.5
  m_AutoUVMaxAngle: 89
  m_LightmapParameters: {fileID: 0}
  m_SortingLayerID: 0
  m_SortingOrder: 0
--- !u!23 &23940160595565286
MeshRenderer:
  m_ObjectHideFlags: 1
  m_PrefabParentObject: {fileID: 0}
  m_PrefabInternal: {fileID: 100100000}
  m_GameObject: {fileID: 1032046098418256}
  m_Enabled: 1
  m_CastShadows: 1
  m_ReceiveShadows: 1
  m_MotionVectors: 1
  m_LightProbeUsage: 1
  m_ReflectionProbeUsage: 1
  m_Materials:
  - {fileID: 2100000, guid: 7d331cc1bfef4004f8c424b30d2ffe89, type: 2}
  m_StaticBatchInfo:
    firstSubMesh: 0
    subMeshCount: 0
  m_StaticBatchRoot: {fileID: 0}
  m_ProbeAnchor: {fileID: 0}
  m_LightProbeVolumeOverride: {fileID: 0}
  m_ScaleInLightmap: 1
  m_PreserveUVs: 0
  m_IgnoreNormalsForChartDetection: 0
  m_ImportantGI: 0
  m_SelectedEditorRenderState: 3
  m_MinimumChartSize: 4
  m_AutoUVMaxDistance: 0.5
  m_AutoUVMaxAngle: 89
  m_LightmapParameters: {fileID: 0}
  m_SortingLayerID: 0
  m_SortingOrder: 0
--- !u!33 &33126152092735764
MeshFilter:
  m_ObjectHideFlags: 1
  m_PrefabParentObject: {fileID: 0}
  m_PrefabInternal: {fileID: 100100000}
  m_GameObject: {fileID: 1263705885173416}
  m_Mesh: {fileID: 4300024, guid: 27ac6e6221a0eab48a9afee71aa894f8, type: 3}
--- !u!33 &33306680192517680
MeshFilter:
  m_ObjectHideFlags: 1
  m_PrefabParentObject: {fileID: 0}
  m_PrefabInternal: {fileID: 100100000}
  m_GameObject: {fileID: 1536747966139360}
  m_Mesh: {fileID: 4300020, guid: 27ac6e6221a0eab48a9afee71aa894f8, type: 3}
--- !u!33 &33321819436986150
MeshFilter:
  m_ObjectHideFlags: 1
  m_PrefabParentObject: {fileID: 0}
  m_PrefabInternal: {fileID: 100100000}
  m_GameObject: {fileID: 1132234834157972}
  m_Mesh: {fileID: 4300014, guid: 27ac6e6221a0eab48a9afee71aa894f8, type: 3}
--- !u!33 &33415211879495848
MeshFilter:
  m_ObjectHideFlags: 1
  m_PrefabParentObject: {fileID: 0}
  m_PrefabInternal: {fileID: 100100000}
  m_GameObject: {fileID: 1882297067631074}
  m_Mesh: {fileID: 4300018, guid: 27ac6e6221a0eab48a9afee71aa894f8, type: 3}
--- !u!33 &33460182284039638
MeshFilter:
  m_ObjectHideFlags: 1
  m_PrefabParentObject: {fileID: 0}
  m_PrefabInternal: {fileID: 100100000}
  m_GameObject: {fileID: 1089532289469160}
  m_Mesh: {fileID: 4300010, guid: 27ac6e6221a0eab48a9afee71aa894f8, type: 3}
--- !u!33 &33524679405742754
MeshFilter:
  m_ObjectHideFlags: 1
  m_PrefabParentObject: {fileID: 0}
  m_PrefabInternal: {fileID: 100100000}
  m_GameObject: {fileID: 1032046098418256}
  m_Mesh: {fileID: 4300016, guid: 27ac6e6221a0eab48a9afee71aa894f8, type: 3}
--- !u!33 &33578371895097268
MeshFilter:
  m_ObjectHideFlags: 1
  m_PrefabParentObject: {fileID: 0}
  m_PrefabInternal: {fileID: 100100000}
  m_GameObject: {fileID: 1036183417126994}
  m_Mesh: {fileID: 4300008, guid: 27ac6e6221a0eab48a9afee71aa894f8, type: 3}
--- !u!33 &33774216285927016
MeshFilter:
  m_ObjectHideFlags: 1
  m_PrefabParentObject: {fileID: 0}
  m_PrefabInternal: {fileID: 100100000}
  m_GameObject: {fileID: 1969459045937400}
  m_Mesh: {fileID: 4300012, guid: 27ac6e6221a0eab48a9afee71aa894f8, type: 3}
--- !u!33 &33866377409278478
MeshFilter:
  m_ObjectHideFlags: 1
  m_PrefabParentObject: {fileID: 0}
  m_PrefabInternal: {fileID: 100100000}
  m_GameObject: {fileID: 1475523616419828}
  m_Mesh: {fileID: 4300004, guid: 27ac6e6221a0eab48a9afee71aa894f8, type: 3}
--- !u!33 &33898084318380748
MeshFilter:
  m_ObjectHideFlags: 1
  m_PrefabParentObject: {fileID: 0}
  m_PrefabInternal: {fileID: 100100000}
  m_GameObject: {fileID: 1886927504399000}
  m_Mesh: {fileID: 4300000, guid: 27ac6e6221a0eab48a9afee71aa894f8, type: 3}
--- !u!33 &33906726952517672
MeshFilter:
  m_ObjectHideFlags: 1
  m_PrefabParentObject: {fileID: 0}
  m_PrefabInternal: {fileID: 100100000}
  m_GameObject: {fileID: 1894186927802644}
  m_Mesh: {fileID: 4300006, guid: 27ac6e6221a0eab48a9afee71aa894f8, type: 3}
--- !u!33 &33999114484126638
MeshFilter:
  m_ObjectHideFlags: 1
  m_PrefabParentObject: {fileID: 0}
  m_PrefabInternal: {fileID: 100100000}
  m_GameObject: {fileID: 1281648567136530}
  m_Mesh: {fileID: 4300002, guid: 27ac6e6221a0eab48a9afee71aa894f8, type: 3}
--- !u!54 &54060397712732366
Rigidbody:
  m_ObjectHideFlags: 1
  m_PrefabParentObject: {fileID: 0}
  m_PrefabInternal: {fileID: 100100000}
  m_GameObject: {fileID: 1882297067631074}
  serializedVersion: 2
  m_Mass: 0.75
  m_Drag: 0.1
  m_AngularDrag: 0.05
  m_UseGravity: 1
  m_IsKinematic: 0
  m_Interpolate: 1
  m_Constraints: 0
  m_CollisionDetection: 2
--- !u!54 &54135118493670620
Rigidbody:
  m_ObjectHideFlags: 1
  m_PrefabParentObject: {fileID: 0}
  m_PrefabInternal: {fileID: 100100000}
  m_GameObject: {fileID: 1263705885173416}
  serializedVersion: 2
  m_Mass: 0.75
  m_Drag: 0.1
  m_AngularDrag: 0.05
  m_UseGravity: 1
  m_IsKinematic: 0
  m_Interpolate: 1
  m_Constraints: 0
  m_CollisionDetection: 2
--- !u!54 &54267403173083548
Rigidbody:
  m_ObjectHideFlags: 1
  m_PrefabParentObject: {fileID: 0}
  m_PrefabInternal: {fileID: 100100000}
  m_GameObject: {fileID: 1475523616419828}
  serializedVersion: 2
  m_Mass: 0.75
  m_Drag: 0.1
  m_AngularDrag: 0.05
  m_UseGravity: 1
  m_IsKinematic: 0
  m_Interpolate: 1
  m_Constraints: 0
  m_CollisionDetection: 2
--- !u!54 &54301029831782358
Rigidbody:
  m_ObjectHideFlags: 1
  m_PrefabParentObject: {fileID: 0}
  m_PrefabInternal: {fileID: 100100000}
  m_GameObject: {fileID: 1969459045937400}
  serializedVersion: 2
  m_Mass: 0.75
  m_Drag: 0.1
  m_AngularDrag: 0.05
  m_UseGravity: 1
  m_IsKinematic: 0
  m_Interpolate: 1
  m_Constraints: 0
  m_CollisionDetection: 2
--- !u!54 &54348643026861464
Rigidbody:
  m_ObjectHideFlags: 1
  m_PrefabParentObject: {fileID: 0}
  m_PrefabInternal: {fileID: 100100000}
  m_GameObject: {fileID: 1281648567136530}
  serializedVersion: 2
  m_Mass: 0.75
  m_Drag: 0.1
  m_AngularDrag: 0.05
  m_UseGravity: 1
  m_IsKinematic: 0
  m_Interpolate: 1
  m_Constraints: 0
  m_CollisionDetection: 2
--- !u!54 &54411800129152072
Rigidbody:
  m_ObjectHideFlags: 1
  m_PrefabParentObject: {fileID: 0}
  m_PrefabInternal: {fileID: 100100000}
  m_GameObject: {fileID: 1536747966139360}
  serializedVersion: 2
  m_Mass: 0.75
  m_Drag: 0.1
  m_AngularDrag: 0.05
  m_UseGravity: 1
  m_IsKinematic: 0
  m_Interpolate: 1
  m_Constraints: 0
  m_CollisionDetection: 2
--- !u!54 &54416678399326740
Rigidbody:
  m_ObjectHideFlags: 1
  m_PrefabParentObject: {fileID: 0}
  m_PrefabInternal: {fileID: 100100000}
  m_GameObject: {fileID: 1894186927802644}
  serializedVersion: 2
  m_Mass: 0.75
  m_Drag: 0.1
  m_AngularDrag: 0.05
  m_UseGravity: 1
  m_IsKinematic: 0
  m_Interpolate: 1
  m_Constraints: 0
  m_CollisionDetection: 2
--- !u!54 &54539597004860358
Rigidbody:
  m_ObjectHideFlags: 1
  m_PrefabParentObject: {fileID: 0}
  m_PrefabInternal: {fileID: 100100000}
  m_GameObject: {fileID: 1036183417126994}
  serializedVersion: 2
  m_Mass: 0.75
  m_Drag: 0.1
  m_AngularDrag: 0.05
  m_UseGravity: 1
  m_IsKinematic: 0
  m_Interpolate: 1
  m_Constraints: 0
  m_CollisionDetection: 2
--- !u!54 &54594851460112600
Rigidbody:
  m_ObjectHideFlags: 1
  m_PrefabParentObject: {fileID: 0}
  m_PrefabInternal: {fileID: 100100000}
  m_GameObject: {fileID: 1132234834157972}
  serializedVersion: 2
  m_Mass: 0.75
  m_Drag: 0.1
  m_AngularDrag: 0.05
  m_UseGravity: 1
  m_IsKinematic: 0
  m_Interpolate: 1
  m_Constraints: 0
  m_CollisionDetection: 2
--- !u!54 &54778875367754706
Rigidbody:
  m_ObjectHideFlags: 1
  m_PrefabParentObject: {fileID: 0}
  m_PrefabInternal: {fileID: 100100000}
  m_GameObject: {fileID: 1032046098418256}
  serializedVersion: 2
  m_Mass: 0.75
  m_Drag: 0.1
  m_AngularDrag: 0.05
  m_UseGravity: 1
  m_IsKinematic: 0
  m_Interpolate: 1
  m_Constraints: 0
  m_CollisionDetection: 2
--- !u!54 &54919629879154822
Rigidbody:
  m_ObjectHideFlags: 1
  m_PrefabParentObject: {fileID: 0}
  m_PrefabInternal: {fileID: 100100000}
  m_GameObject: {fileID: 1089532289469160}
  serializedVersion: 2
  m_Mass: 0.75
  m_Drag: 0.1
  m_AngularDrag: 0.05
  m_UseGravity: 1
  m_IsKinematic: 0
  m_Interpolate: 1
  m_Constraints: 0
  m_CollisionDetection: 2
--- !u!54 &54950818212161482
Rigidbody:
  m_ObjectHideFlags: 1
  m_PrefabParentObject: {fileID: 0}
  m_PrefabInternal: {fileID: 100100000}
  m_GameObject: {fileID: 1886927504399000}
  serializedVersion: 2
  m_Mass: 0.75
  m_Drag: 0.1
  m_AngularDrag: 0.05
  m_UseGravity: 1
  m_IsKinematic: 0
  m_Interpolate: 1
  m_Constraints: 0
  m_CollisionDetection: 2
--- !u!65 &65010882438379972
BoxCollider:
  m_ObjectHideFlags: 1
  m_PrefabParentObject: {fileID: 0}
  m_PrefabInternal: {fileID: 100100000}
  m_GameObject: {fileID: 1089532289469160}
  m_Material: {fileID: 13400000, guid: 6318886e13633b942bfd8758bf9ba985, type: 2}
  m_IsTrigger: 0
  m_Enabled: 1
  serializedVersion: 2
  m_Size: {x: 0.31720802, y: 0.10000006, z: 1.2054799}
  m_Center: {x: 0, y: 0, z: 0.00000023841858}
--- !u!65 &65187785146841248
BoxCollider:
  m_ObjectHideFlags: 1
  m_PrefabParentObject: {fileID: 0}
  m_PrefabInternal: {fileID: 100100000}
  m_GameObject: {fileID: 1036183417126994}
  m_Material: {fileID: 13400000, guid: 6318886e13633b942bfd8758bf9ba985, type: 2}
  m_IsTrigger: 0
  m_Enabled: 1
  serializedVersion: 2
  m_Size: {x: 0.31720802, y: 0.10000006, z: 1.2054799}
  m_Center: {x: 0, y: 0.0000019073486, z: 0.00000023841858}
--- !u!65 &65235564852448976
BoxCollider:
  m_ObjectHideFlags: 1
  m_PrefabParentObject: {fileID: 0}
  m_PrefabInternal: {fileID: 100100000}
  m_GameObject: {fileID: 1536747966139360}
  m_Material: {fileID: 13400000, guid: 6318886e13633b942bfd8758bf9ba985, type: 2}
  m_IsTrigger: 0
  m_Enabled: 1
  serializedVersion: 2
  m_Size: {x: 0.317208, y: 0.10000002, z: 1.2054801}
  m_Center: {x: 0, y: 0.0000019073486, z: -0.00000023841858}
--- !u!65 &65254417941765748
BoxCollider:
  m_ObjectHideFlags: 1
  m_PrefabParentObject: {fileID: 0}
  m_PrefabInternal: {fileID: 100100000}
  m_GameObject: {fileID: 1032046098418256}
  m_Material: {fileID: 13400000, guid: 6318886e13633b942bfd8758bf9ba985, type: 2}
  m_IsTrigger: 0
  m_Enabled: 1
  serializedVersion: 2
  m_Size: {x: 0.317208, y: 0.10000002, z: 1.2054801}
  m_Center: {x: 0, y: 0.0000019073486, z: 0.00000023841858}
--- !u!65 &65289393597648684
BoxCollider:
  m_ObjectHideFlags: 1
  m_PrefabParentObject: {fileID: 0}
  m_PrefabInternal: {fileID: 100100000}
  m_GameObject: {fileID: 1281648567136530}
  m_Material: {fileID: 13400000, guid: 6318886e13633b942bfd8758bf9ba985, type: 2}
  m_IsTrigger: 0
  m_Enabled: 1
  serializedVersion: 2
  m_Size: {x: 0.31720802, y: 0.10000006, z: 1.2054799}
  m_Center: {x: 0, y: 0.0000019073486, z: -0.00000023841858}
--- !u!65 &65396345177226192
BoxCollider:
  m_ObjectHideFlags: 1
  m_PrefabParentObject: {fileID: 0}
  m_PrefabInternal: {fileID: 100100000}
  m_GameObject: {fileID: 1263705885173416}
  m_Material: {fileID: 13400000, guid: 6318886e13633b942bfd8758bf9ba985, type: 2}
  m_IsTrigger: 0
  m_Enabled: 1
  serializedVersion: 2
  m_Size: {x: 0.317208, y: 0.10000002, z: 1.2054801}
  m_Center: {x: 0, y: 0, z: 0}
--- !u!65 &65572636166685334
BoxCollider:
  m_ObjectHideFlags: 1
  m_PrefabParentObject: {fileID: 0}
  m_PrefabInternal: {fileID: 100100000}
  m_GameObject: {fileID: 1894186927802644}
  m_Material: {fileID: 13400000, guid: 6318886e13633b942bfd8758bf9ba985, type: 2}
  m_IsTrigger: 0
  m_Enabled: 1
  serializedVersion: 2
  m_Size: {x: 0.31720802, y: 0.10000006, z: 1.2054799}
  m_Center: {x: 0, y: 0, z: 0.00000023841858}
--- !u!65 &65621796746348986
BoxCollider:
  m_ObjectHideFlags: 1
  m_PrefabParentObject: {fileID: 0}
  m_PrefabInternal: {fileID: 100100000}
  m_GameObject: {fileID: 1969459045937400}
  m_Material: {fileID: 13400000, guid: 6318886e13633b942bfd8758bf9ba985, type: 2}
  m_IsTrigger: 0
  m_Enabled: 1
  serializedVersion: 2
  m_Size: {x: 0.317208, y: 0.10000002, z: 1.2054801}
  m_Center: {x: 0, y: 0, z: -0.00000023841858}
--- !u!65 &65697502183959808
BoxCollider:
  m_ObjectHideFlags: 1
  m_PrefabParentObject: {fileID: 0}
  m_PrefabInternal: {fileID: 100100000}
  m_GameObject: {fileID: 1475523616419828}
  m_Material: {fileID: 13400000, guid: 6318886e13633b942bfd8758bf9ba985, type: 2}
  m_IsTrigger: 0
  m_Enabled: 1
  serializedVersion: 2
  m_Size: {x: 0.31720802, y: 0.10000006, z: 1.2054799}
  m_Center: {x: 0, y: 0, z: 0}
--- !u!65 &65832468206117736
BoxCollider:
  m_ObjectHideFlags: 1
  m_PrefabParentObject: {fileID: 0}
  m_PrefabInternal: {fileID: 100100000}
  m_GameObject: {fileID: 1886927504399000}
  m_Material: {fileID: 13400000, guid: 6318886e13633b942bfd8758bf9ba985, type: 2}
  m_IsTrigger: 0
  m_Enabled: 1
  serializedVersion: 2
  m_Size: {x: 0.31720802, y: 0.10000006, z: 1.2054799}
  m_Center: {x: -0.0000019073486, y: 0, z: 0}
--- !u!65 &65923069348624686
BoxCollider:
  m_ObjectHideFlags: 1
  m_PrefabParentObject: {fileID: 0}
  m_PrefabInternal: {fileID: 100100000}
  m_GameObject: {fileID: 1882297067631074}
  m_Material: {fileID: 13400000, guid: 6318886e13633b942bfd8758bf9ba985, type: 2}
  m_IsTrigger: 0
  m_Enabled: 1
  serializedVersion: 2
  m_Size: {x: 0.317208, y: 0.10000002, z: 1.2054801}
  m_Center: {x: 0.0000019073486, y: 0, z: 0}
--- !u!65 &65976994802556820
BoxCollider:
  m_ObjectHideFlags: 1
  m_PrefabParentObject: {fileID: 0}
  m_PrefabInternal: {fileID: 100100000}
  m_GameObject: {fileID: 1132234834157972}
  m_Material: {fileID: 13400000, guid: 6318886e13633b942bfd8758bf9ba985, type: 2}
  m_IsTrigger: 0
  m_Enabled: 1
  serializedVersion: 2
  m_Size: {x: 0.317208, y: 0.10000002, z: 1.2054801}
  m_Center: {x: 0, y: 0.0000019073486, z: 0.00000023841858}
--- !u!114 &114267682873891006
MonoBehaviour:
  m_ObjectHideFlags: 1
  m_PrefabParentObject: {fileID: 0}
  m_PrefabInternal: {fileID: 100100000}
  m_GameObject: {fileID: 1465247509159368}
  m_Enabled: 1
  m_EditorHideFlags: 0
  m_Script: {fileID: 11500000, guid: 0d55605a295537c489b7758100fce794, type: 3}
  m_Name: 
  m_EditorClassIdentifier: 
  explosionForce: 100
