%YAML 1.1
%TAG !u! tag:unity3d.com,2011:
--- !u!1001 &100100000
Prefab:
  m_ObjectHideFlags: 1
  serializedVersion: 2
  m_Modification:
    m_TransformParent: {fileID: 0}
    m_Modifications: []
    m_RemovedComponents: []
  m_ParentPrefab: {fileID: 0}
  m_RootGameObject: {fileID: 1618793532978244}
  m_IsPrefabParent: 1
--- !u!1 &1618793532978244
GameObject:
  m_ObjectHideFlags: 0
  m_PrefabParentObject: {fileID: 0}
  m_PrefabInternal: {fileID: 100100000}
  serializedVersion: 5
  m_Component:
  - component: {fileID: 4499079526891520}
  - component: {fileID: 114504005675424198}
  m_Layer: 0
  m_Name: camera controller
  m_TagString: Untagged
  m_Icon: {fileID: 0}
  m_NavMeshLayer: 0
  m_StaticEditorFlags: 0
  m_IsActive: 1
--- !u!1 &1833704917947344
GameObject:
  m_ObjectHideFlags: 0
  m_PrefabParentObject: {fileID: 0}
  m_PrefabInternal: {fileID: 100100000}
  serializedVersion: 5
  m_Component:
  - component: {fileID: 4913813540468194}
  - component: {fileID: 20076666581759014}
  - component: {fileID: 92672797871093148}
  - component: {fileID: 124243064231683798}
  - component: {fileID: 81126978236235280}
  - component: {fileID: 114334127786264334}
  - component: {fileID: 114417672568440182}
  - component: {fileID: 114565164339983780}
  - component: {fileID: 114192332291444800}
  - component: {fileID: 114579140655721262}
  m_Layer: 0
  m_Name: main camera
  m_TagString: MainCamera
  m_Icon: {fileID: 0}
  m_NavMeshLayer: 0
  m_StaticEditorFlags: 0
  m_IsActive: 1
--- !u!1 &1956723792831028
GameObject:
  m_ObjectHideFlags: 0
  m_PrefabParentObject: {fileID: 0}
  m_PrefabInternal: {fileID: 100100000}
  serializedVersion: 5
  m_Component:
  - component: {fileID: 4354128276952988}
  - component: {fileID: 20507690228568892}
  - component: {fileID: 114560494648561952}
  - component: {fileID: 114329378966860136}
  - component: {fileID: 114543500574420120}
  - component: {fileID: 114745568102956498}
  - component: {fileID: 114836825324200010}
  m_Layer: 0
  m_Name: renderOnTopCamera
  m_TagString: MainCamera
  m_Icon: {fileID: 0}
  m_NavMeshLayer: 0
  m_StaticEditorFlags: 0
  m_IsActive: 1
--- !u!4 &4354128276952988
Transform:
  m_ObjectHideFlags: 1
  m_PrefabParentObject: {fileID: 0}
  m_PrefabInternal: {fileID: 100100000}
  m_GameObject: {fileID: 1956723792831028}
  m_LocalRotation: {x: 0.3085073, y: -0, z: -0, w: 0.95122206}
  m_LocalPosition: {x: 0, y: 5.33, z: -9.01}
  m_LocalScale: {x: 1, y: 1, z: 1}
  m_Children: []
  m_Father: {fileID: 4499079526891520}
  m_RootOrder: 1
  m_LocalEulerAnglesHint: {x: 35.939003, y: 0, z: 0}
--- !u!4 &4499079526891520
Transform:
  m_ObjectHideFlags: 1
  m_PrefabParentObject: {fileID: 0}
  m_PrefabInternal: {fileID: 100100000}
  m_GameObject: {fileID: 1618793532978244}
  m_LocalRotation: {x: -0, y: -0, z: -0, w: 1}
  m_LocalPosition: {x: 0, y: 0, z: -1}
  m_LocalScale: {x: 1, y: 1, z: 1}
  m_Children:
  - {fileID: 4913813540468194}
  - {fileID: 4354128276952988}
  m_Father: {fileID: 0}
  m_RootOrder: 0
  m_LocalEulerAnglesHint: {x: 0, y: 0, z: 0}
--- !u!4 &4913813540468194
Transform:
  m_ObjectHideFlags: 1
  m_PrefabParentObject: {fileID: 0}
  m_PrefabInternal: {fileID: 100100000}
  m_GameObject: {fileID: 1833704917947344}
  m_LocalRotation: {x: 0.3085073, y: -0, z: -0, w: 0.95122206}
  m_LocalPosition: {x: 0, y: 5.33, z: -9.01}
  m_LocalScale: {x: 1, y: 1, z: 1}
  m_Children: []
  m_Father: {fileID: 4499079526891520}
  m_RootOrder: 0
  m_LocalEulerAnglesHint: {x: 35.939003, y: 0, z: 0}
--- !u!20 &20076666581759014
Camera:
  m_ObjectHideFlags: 1
  m_PrefabParentObject: {fileID: 0}
  m_PrefabInternal: {fileID: 100100000}
  m_GameObject: {fileID: 1833704917947344}
  m_Enabled: 1
  serializedVersion: 2
  m_ClearFlags: 2
  m_BackGroundColor: {r: 0.015895328, g: 0.028314076, b: 0.1544118, a: 0}
  m_NormalizedViewPortRect:
    serializedVersion: 2
    x: 0
    y: 0
    width: 1
    height: 1
  near clip plane: 0.3
  far clip plane: 1000
  field of view: 34.1
  orthographic: 0
  orthographic size: 5
  m_Depth: 1
  m_CullingMask:
    serializedVersion: 2
    m_Bits: 4294836191
  m_RenderingPath: 3
  m_TargetTexture: {fileID: 0}
  m_TargetDisplay: 0
  m_TargetEye: 3
  m_HDR: 1
  m_OcclusionCulling: 1
  m_StereoConvergence: 10
  m_StereoSeparation: 0.022
  m_StereoMirrorMode: 0
--- !u!20 &20507690228568892
Camera:
  m_ObjectHideFlags: 1
  m_PrefabParentObject: {fileID: 0}
  m_PrefabInternal: {fileID: 100100000}
  m_GameObject: {fileID: 1956723792831028}
  m_Enabled: 1
  serializedVersion: 2
  m_ClearFlags: 3
  m_BackGroundColor: {r: 0.015895328, g: 0.028314076, b: 0.1544118, a: 0}
  m_NormalizedViewPortRect:
    serializedVersion: 2
    x: 0
    y: 0
    width: 1
    height: 1
  near clip plane: 0.3
  far clip plane: 1000
  field of view: 34.1
  orthographic: 0
  orthographic size: 5
  m_Depth: 2
  m_CullingMask:
    serializedVersion: 2
    m_Bits: 131072
  m_RenderingPath: 3
  m_TargetTexture: {fileID: 0}
  m_TargetDisplay: 0
  m_TargetEye: 3
  m_HDR: 1
  m_OcclusionCulling: 1
  m_StereoConvergence: 10
  m_StereoSeparation: 0.022
  m_StereoMirrorMode: 0
--- !u!81 &81126978236235280
AudioListener:
  m_ObjectHideFlags: 1
  m_PrefabParentObject: {fileID: 0}
  m_PrefabInternal: {fileID: 100100000}
  m_GameObject: {fileID: 1833704917947344}
  m_Enabled: 1
--- !u!92 &92672797871093148
Behaviour:
  m_ObjectHideFlags: 1
  m_PrefabParentObject: {fileID: 0}
  m_PrefabInternal: {fileID: 100100000}
  m_GameObject: {fileID: 1833704917947344}
  m_Enabled: 1
--- !u!114 &114192332291444800
MonoBehaviour:
  m_ObjectHideFlags: 1
  m_PrefabParentObject: {fileID: 0}
  m_PrefabInternal: {fileID: 100100000}
  m_GameObject: {fileID: 1833704917947344}
  m_Enabled: 0
  m_EditorHideFlags: 0
  m_Script: {fileID: 11500000, guid: 23bf7bfb88d65c14f9588701ff10a068, type: 3}
  m_Name: 
  m_EditorClassIdentifier: 
  Shader: {fileID: 4800000, guid: b4f0a5d3f2f4d3d4e80600230efdfe68, type: 3}
  Mode: 1
  Strength: 0.95
  Clamp: 0.673
--- !u!114 &114329378966860136
MonoBehaviour:
  m_ObjectHideFlags: 1
  m_PrefabParentObject: {fileID: 0}
  m_PrefabInternal: {fileID: 100100000}
  m_GameObject: {fileID: 1956723792831028}
  m_Enabled: 1
  m_EditorHideFlags: 0
  m_Script: {fileID: 11500000, guid: c248faf0e10cd5a4cb2ca648c286bfa8, type: 3}
  m_Name: 
  m_EditorClassIdentifier: 
  m_SamplingMinHeight: 400
  m_ResSamplingPixelCount:
  - 0
  - 0
  - 0
  - 0
  - 0
  - 0
  m_SamplingMode: 0
  m_BlendMode: 0
  m_ScreenMaxIntensity: 0
  m_QualityPreset: 0
  m_HDR: 0
  m_ScreenBlendMode: 1
  m_BloomIntensity: 0.9796438
  m_BloomThreshhold: 0.5
  m_BloomThreshholdColor: {r: 1, g: 1, b: 1, a: 1}
  m_DownscaleCount: 5
  m_IntensityManagement: 0
  m_BloomIntensities:
  - 1
  - 1
  - 1
  - 1
  - 1
  - 1
  - 1
  - 1
  m_BloomColors:
  - {r: 1, g: 1, b: 1, a: 1}
  - {r: 1, g: 1, b: 1, a: 1}
  - {r: 1, g: 1, b: 1, a: 1}
  - {r: 1, g: 1, b: 1, a: 1}
  - {r: 1, g: 1, b: 1, a: 1}
  - {r: 1, g: 1, b: 1, a: 1}
  - {r: 1, g: 1, b: 1, a: 1}
  - {r: 1, g: 1, b: 1, a: 1}
  m_BloomUsages: 0001010101010101
  m_BloomCurve:
    m_BlackPoint: 0
    m_WhitePoint: 1
    m_CrossOverPoint: 0.3
    m_ToeStrength: 0.98
    m_ShoulderStrength: 0
    m_Highlights: 0.5
    m_k: 0.0084985765
    m_ToeCoef: {x: 0.00016997136, y: -0.98, z: -0, w: 0.3}
    m_ShoulderCoef: {x: 0.99150145, y: 0, z: -0.29745045, w: 0.7}
  m_UseLensFlare: 0
  m_FlareTreshold: 0.8
  m_FlareIntensity: 0.25
  m_FlareTint0: {r: 0.5372549, g: 0.32156864, b: 0, a: 1}
  m_FlareTint1: {r: 0, g: 0.24705882, b: 0.49411765, a: 1}
  m_FlareTint2: {r: 0.28235295, g: 0.5921569, b: 0, a: 1}
  m_FlareTint3: {r: 0.44705883, g: 0.13725491, b: 0, a: 1}
  m_FlareTint4: {r: 0.47843137, g: 0.34509805, b: 0, a: 1}
  m_FlareTint5: {r: 0.5372549, g: 0.2784314, b: 0, a: 1}
  m_FlareTint6: {r: 0.38039216, g: 0.54509807, b: 0, a: 1}
  m_FlareTint7: {r: 0.15686275, g: 0.5568628, b: 0, a: 1}
  m_FlareGlobalScale: 1
  m_FlareScales: {x: 1, y: 0.6, z: 0.5, w: 0.4}
  m_FlareScalesNear: {x: 1, y: 0.8, z: 0.6, w: 0.5}
  m_FlareMask: {fileID: 2800000, guid: 9caff1227d841d143862adba1dc06356, type: 3}
  m_FlareRendering: 1
  m_FlareType: 1
  m_FlareShape: {fileID: 2800000, guid: c689cb7ab25ee59439a73274bbcda927, type: 3}
  m_FlareBlurQuality: 2
  m_UseBokehFlare: 0
  m_BokehScale: 0.4
  m_BokehFlareQuality: 1
  m_UseAnamorphicFlare: 0
  m_AnamorphicFlareTreshold: 0.8
  m_AnamorphicFlareIntensity: 1
  m_AnamorphicDownscaleCount: 3
  m_AnamorphicBlurPass: 2
  m_AnamorphicBloomIntensities:
  - 1
  - 1
  - 1
  - 1
  - 1
  - 1
  - 1
  - 1
  m_AnamorphicBloomColors:
  - {r: 1, g: 1, b: 1, a: 1}
  - {r: 1, g: 1, b: 1, a: 1}
  - {r: 1, g: 1, b: 1, a: 1}
  - {r: 1, g: 1, b: 1, a: 1}
  - {r: 1, g: 1, b: 1, a: 1}
  - {r: 1, g: 1, b: 1, a: 1}
  - {r: 1, g: 1, b: 1, a: 1}
  - {r: 1, g: 1, b: 1, a: 1}
  m_AnamorphicBloomUsages: 0101010101010101
  m_AnamorphicSmallVerticalBlur: 1
  m_AnamorphicDirection: 0
  m_AnamorphicScale: 3
  m_UseStarFlare: 0
  m_StarFlareTreshol: 0.8
  m_StarFlareIntensity: 1
  m_StarScale: 2
  m_StarDownscaleCount: 3
  m_StarBlurPass: 2
  m_StarBloomIntensities:
  - 1
  - 1
  - 1
  - 1
  - 1
  - 1
  - 1
  - 1
  m_StarBloomColors:
  - {r: 1, g: 1, b: 1, a: 1}
  - {r: 1, g: 1, b: 1, a: 1}
  - {r: 1, g: 1, b: 1, a: 1}
  - {r: 1, g: 1, b: 1, a: 1}
  - {r: 1, g: 1, b: 1, a: 1}
  - {r: 1, g: 1, b: 1, a: 1}
  - {r: 1, g: 1, b: 1, a: 1}
  - {r: 1, g: 1, b: 1, a: 1}
  m_StarBloomUsages: 0101010101010101
  m_UseLensDust: 0
  m_DustIntensity: 1
  m_DustTexture: {fileID: 2800000, guid: 3ec0f8b9f199e1c42932a948f3e9eac6, type: 3}
  m_DirtLightIntensity: 5
  m_DownsamplingQuality: 0
  m_UpsamplingQuality: 1
  m_TemporalStableDownsampling: 1
  m_InvertImage: 0
  m_DirectDownSample: 0
  m_DirectUpsample: 0
  m_UiShowBloomScales: 0
  m_UiShowAnamorphicBloomScales: 0
  m_UiShowStarBloomScales: 0
  m_UiShowHeightSampling: 0
  m_UiShowBloomSettings: 1
  m_UiShowSampling: 0
  m_UiShowIntensity: 0
  m_UiShowOptimizations: 0
  m_UiShowLensDirt: 0
  m_UiShowLensFlare: 0
  m_UiShowAnamorphic: 0
  m_UiShowStar: 1
  m_UiInitialized: 1
--- !u!114 &114334127786264334
MonoBehaviour:
  m_ObjectHideFlags: 1
  m_PrefabParentObject: {fileID: 0}
  m_PrefabInternal: {fileID: 100100000}
  m_GameObject: {fileID: 1833704917947344}
  m_Enabled: 0
  m_EditorHideFlags: 0
  m_Script: {fileID: 11500000, guid: f423fc6d541e1de4086b6880994b270c, type: 3}
  m_Name: 
  m_EditorClassIdentifier: 
  Shader: {fileID: 4800000, guid: 3d484a9bd98669a4bae065117cfefa62, type: 3}
  Mode: 0
  InputL: {x: 4, y: 126, z: 1}
  InputR: {x: 0, y: 255, z: 1}
  InputG: {x: 0, y: 255, z: 1}
  InputB: {x: 0, y: 255, z: 1}
  OutputL: {x: 4, y: 255}
  OutputR: {x: 0, y: 255}
  OutputG: {x: 0, y: 255}
  OutputB: {x: 0, y: 255}
  e_CurrentChannel: 0
  e_Logarithmic: 0
  e_AutoRefresh: 0
--- !u!114 &114417672568440182
MonoBehaviour:
  m_ObjectHideFlags: 1
  m_PrefabParentObject: {fileID: 0}
  m_PrefabInternal: {fileID: 100100000}
  m_GameObject: {fileID: 1833704917947344}
  m_Enabled: 0
  m_EditorHideFlags: 0
  m_Script: {fileID: 11500000, guid: c248faf0e10cd5a4cb2ca648c286bfa8, type: 3}
  m_Name: 
  m_EditorClassIdentifier: 
  m_SamplingMinHeight: 400
  m_ResSamplingPixelCount:
  - 0
  - 0
  - 0
  - 0
  - 0
  - 0
  m_SamplingMode: 0
  m_BlendMode: 0
  m_ScreenMaxIntensity: 0
  m_QualityPreset: 0
  m_HDR: 0
  m_ScreenBlendMode: 1
  m_BloomIntensity: 0.9796438
  m_BloomThreshhold: 0.5
  m_BloomThreshholdColor: {r: 1, g: 1, b: 1, a: 1}
  m_DownscaleCount: 5
  m_IntensityManagement: 0
  m_BloomIntensities:
  - 1
  - 1
  - 1
  - 1
  - 1
  - 1
  - 1
  - 1
  m_BloomColors:
  - {r: 1, g: 1, b: 1, a: 1}
  - {r: 1, g: 1, b: 1, a: 1}
  - {r: 1, g: 1, b: 1, a: 1}
  - {r: 1, g: 1, b: 1, a: 1}
  - {r: 1, g: 1, b: 1, a: 1}
  - {r: 1, g: 1, b: 1, a: 1}
  - {r: 1, g: 1, b: 1, a: 1}
  - {r: 1, g: 1, b: 1, a: 1}
  m_BloomUsages: 0001010101010101
  m_BloomCurve:
    m_BlackPoint: 0
    m_WhitePoint: 1
    m_CrossOverPoint: 0.3
    m_ToeStrength: 0.98
    m_ShoulderStrength: 0
    m_Highlights: 0.5
    m_k: 0.0084985765
    m_ToeCoef: {x: 0.00016997136, y: -0.98, z: -0, w: 0.3}
    m_ShoulderCoef: {x: 0.99150145, y: 0, z: -0.29745045, w: 0.7}
  m_UseLensFlare: 0
  m_FlareTreshold: 0.8
  m_FlareIntensity: 0.25
  m_FlareTint0: {r: 0.5372549, g: 0.32156864, b: 0, a: 1}
  m_FlareTint1: {r: 0, g: 0.24705882, b: 0.49411765, a: 1}
  m_FlareTint2: {r: 0.28235295, g: 0.5921569, b: 0, a: 1}
  m_FlareTint3: {r: 0.44705883, g: 0.13725491, b: 0, a: 1}
  m_FlareTint4: {r: 0.47843137, g: 0.34509805, b: 0, a: 1}
  m_FlareTint5: {r: 0.5372549, g: 0.2784314, b: 0, a: 1}
  m_FlareTint6: {r: 0.38039216, g: 0.54509807, b: 0, a: 1}
  m_FlareTint7: {r: 0.15686275, g: 0.5568628, b: 0, a: 1}
  m_FlareGlobalScale: 1
  m_FlareScales: {x: 1, y: 0.6, z: 0.5, w: 0.4}
  m_FlareScalesNear: {x: 1, y: 0.8, z: 0.6, w: 0.5}
  m_FlareMask: {fileID: 2800000, guid: 9caff1227d841d143862adba1dc06356, type: 3}
  m_FlareRendering: 1
  m_FlareType: 1
  m_FlareShape: {fileID: 2800000, guid: c689cb7ab25ee59439a73274bbcda927, type: 3}
  m_FlareBlurQuality: 2
  m_UseBokehFlare: 0
  m_BokehScale: 0.4
  m_BokehFlareQuality: 1
  m_UseAnamorphicFlare: 0
  m_AnamorphicFlareTreshold: 0.8
  m_AnamorphicFlareIntensity: 1
  m_AnamorphicDownscaleCount: 3
  m_AnamorphicBlurPass: 2
  m_AnamorphicBloomIntensities:
  - 1
  - 1
  - 1
  - 1
  - 1
  - 1
  - 1
  - 1
  m_AnamorphicBloomColors:
  - {r: 1, g: 1, b: 1, a: 1}
  - {r: 1, g: 1, b: 1, a: 1}
  - {r: 1, g: 1, b: 1, a: 1}
  - {r: 1, g: 1, b: 1, a: 1}
  - {r: 1, g: 1, b: 1, a: 1}
  - {r: 1, g: 1, b: 1, a: 1}
  - {r: 1, g: 1, b: 1, a: 1}
  - {r: 1, g: 1, b: 1, a: 1}
  m_AnamorphicBloomUsages: 0101010101010101
  m_AnamorphicSmallVerticalBlur: 1
  m_AnamorphicDirection: 0
  m_AnamorphicScale: 3
  m_UseStarFlare: 0
  m_StarFlareTreshol: 0.8
  m_StarFlareIntensity: 1
  m_StarScale: 2
  m_StarDownscaleCount: 3
  m_StarBlurPass: 2
  m_StarBloomIntensities:
  - 1
  - 1
  - 1
  - 1
  - 1
  - 1
  - 1
  - 1
  m_StarBloomColors:
  - {r: 1, g: 1, b: 1, a: 1}
  - {r: 1, g: 1, b: 1, a: 1}
  - {r: 1, g: 1, b: 1, a: 1}
  - {r: 1, g: 1, b: 1, a: 1}
  - {r: 1, g: 1, b: 1, a: 1}
  - {r: 1, g: 1, b: 1, a: 1}
  - {r: 1, g: 1, b: 1, a: 1}
  - {r: 1, g: 1, b: 1, a: 1}
  m_StarBloomUsages: 0101010101010101
  m_UseLensDust: 0
  m_DustIntensity: 1
  m_DustTexture: {fileID: 2800000, guid: 3ec0f8b9f199e1c42932a948f3e9eac6, type: 3}
  m_DirtLightIntensity: 5
  m_DownsamplingQuality: 0
  m_UpsamplingQuality: 1
  m_TemporalStableDownsampling: 1
  m_InvertImage: 0
  m_DirectDownSample: 0
  m_DirectUpsample: 0
  m_UiShowBloomScales: 0
  m_UiShowAnamorphicBloomScales: 0
  m_UiShowStarBloomScales: 0
  m_UiShowHeightSampling: 0
  m_UiShowBloomSettings: 1
  m_UiShowSampling: 0
  m_UiShowIntensity: 0
  m_UiShowOptimizations: 0
  m_UiShowLensDirt: 0
  m_UiShowLensFlare: 0
  m_UiShowAnamorphic: 0
  m_UiShowStar: 1
  m_UiInitialized: 1
--- !u!114 &114504005675424198
MonoBehaviour:
  m_ObjectHideFlags: 1
  m_PrefabParentObject: {fileID: 0}
  m_PrefabInternal: {fileID: 100100000}
  m_GameObject: {fileID: 1618793532978244}
  m_Enabled: 1
  m_EditorHideFlags: 0
  m_Script: {fileID: 11500000, guid: 91a9d5f0cfa3a41a495160a2bab6cbe3, type: 3}
  m_Name: 
  m_EditorClassIdentifier: 
  target: {fileID: 0}
  targetMinZ: -9
  targetMaxZ: 12
  cameraMinZ: -14
  cameraMaxZ: 8
  cameraMinX: 0
  cameraMaxX: 10
  smoothTime: 0.4
  lookAheadScale: 0.2
  shouldClamp: 0
--- !u!114 &114543500574420120
MonoBehaviour:
  m_ObjectHideFlags: 1
  m_PrefabParentObject: {fileID: 0}
  m_PrefabInternal: {fileID: 100100000}
  m_GameObject: {fileID: 1956723792831028}
  m_Enabled: 0
  m_EditorHideFlags: 0
  m_Script: {fileID: 11500000, guid: 1c17a664134eb954aa7219d2d88c3bfb, type: 3}
  m_Name: 
  m_EditorClassIdentifier: 
  LookupTexture: {fileID: 0}
  Amount: 1
  ForceCompatibility: 0
  Shader2D: {fileID: 4800000, guid: b5b3d4fe7139a7141be9b1475ea1127f, type: 3}
  Shader3D: {fileID: 4800000, guid: c356d31be0868c94d8c3eb943516cb8a, type: 3}
  Filter: 0
--- !u!114 &114560494648561952
MonoBehaviour:
  m_ObjectHideFlags: 1
  m_PrefabParentObject: {fileID: 0}
  m_PrefabInternal: {fileID: 100100000}
  m_GameObject: {fileID: 1956723792831028}
  m_Enabled: 1
  m_EditorHideFlags: 0
  m_Script: {fileID: 11500000, guid: f423fc6d541e1de4086b6880994b270c, type: 3}
  m_Name: 
  m_EditorClassIdentifier: 
  Shader: {fileID: 4800000, guid: 3d484a9bd98669a4bae065117cfefa62, type: 3}
  Mode: 0
  InputL: {x: 4, y: 126, z: 1}
  InputR: {x: 0, y: 255, z: 1}
  InputG: {x: 0, y: 255, z: 1}
  InputB: {x: 0, y: 255, z: 1}
  OutputL: {x: 4, y: 255}
  OutputR: {x: 0, y: 255}
  OutputG: {x: 0, y: 255}
  OutputB: {x: 0, y: 255}
  e_CurrentChannel: 0
  e_Logarithmic: 0
  e_AutoRefresh: 0
--- !u!114 &114565164339983780
MonoBehaviour:
  m_ObjectHideFlags: 1
  m_PrefabParentObject: {fileID: 0}
  m_PrefabInternal: {fileID: 100100000}
  m_GameObject: {fileID: 1833704917947344}
  m_Enabled: 0
  m_EditorHideFlags: 0
  m_Script: {fileID: 11500000, guid: 1c17a664134eb954aa7219d2d88c3bfb, type: 3}
  m_Name: 
  m_EditorClassIdentifier: 
  LookupTexture: {fileID: 0}
  Amount: 1
  ForceCompatibility: 0
  Shader2D: {fileID: 4800000, guid: b5b3d4fe7139a7141be9b1475ea1127f, type: 3}
  Shader3D: {fileID: 4800000, guid: c356d31be0868c94d8c3eb943516cb8a, type: 3}
  Filter: 0
--- !u!114 &114579140655721262
MonoBehaviour:
  m_ObjectHideFlags: 1
  m_PrefabParentObject: {fileID: 0}
  m_PrefabInternal: {fileID: 100100000}
  m_GameObject: {fileID: 1833704917947344}
  m_Enabled: 0
  m_EditorHideFlags: 0
  m_Script: {fileID: 11500000, guid: 478a2083ad114a07d000fbfb8d76c639, type: 3}
  m_Name: 
  m_EditorClassIdentifier: 
  shader: {fileID: 4800000, guid: e9ba2083ad114a07d000fbfb8d76c639, type: 3}
  blurAmount: 0.555
  extraBlur: 0
--- !u!114 &114745568102956498
MonoBehaviour:
  m_ObjectHideFlags: 1
  m_PrefabParentObject: {fileID: 0}
  m_PrefabInternal: {fileID: 100100000}
  m_GameObject: {fileID: 1956723792831028}
  m_Enabled: 1
  m_EditorHideFlags: 0
  m_Script: {fileID: 11500000, guid: 23bf7bfb88d65c14f9588701ff10a068, type: 3}
  m_Name: 
  m_EditorClassIdentifier: 
  Shader: {fileID: 4800000, guid: b4f0a5d3f2f4d3d4e80600230efdfe68, type: 3}
  Mode: 1
  Strength: 0.95
  Clamp: 0.673
--- !u!114 &114836825324200010
MonoBehaviour:
  m_ObjectHideFlags: 1
  m_PrefabParentObject: {fileID: 0}
  m_PrefabInternal: {fileID: 100100000}
  m_GameObject: {fileID: 1956723792831028}
  m_Enabled: 1
  m_EditorHideFlags: 0
  m_Script: {fileID: 11500000, guid: 478a2083ad114a07d000fbfb8d76c639, type: 3}
  m_Name: 
  m_EditorClassIdentifier: 
  shader: {fileID: 4800000, guid: e9ba2083ad114a07d000fbfb8d76c639, type: 3}
  blurAmount: 0.555
  extraBlur: 0
--- !u!124 &124243064231683798
Behaviour:
  m_ObjectHideFlags: 1
  m_PrefabParentObject: {fileID: 0}
  m_PrefabInternal: {fileID: 100100000}
  m_GameObject: {fileID: 1833704917947344}
  m_Enabled: 1
