%YAML 1.1
%TAG !u! tag:unity3d.com,2011:
--- !u!1001 &100100000
Prefab:
  m_ObjectHideFlags: 1
  serializedVersion: 2
  m_Modification:
    m_TransformParent: {fileID: 0}
    m_Modifications: []
    m_RemovedComponents: []
  m_ParentPrefab: {fileID: 0}
  m_RootGameObject: {fileID: 1434443299338966}
  m_IsPrefabParent: 1
--- !u!1 &1317520072850824
GameObject:
  m_ObjectHideFlags: 0
  m_PrefabParentObject: {fileID: 0}
  m_PrefabInternal: {fileID: 100100000}
  serializedVersion: 5
  m_Component:
  - component: {fileID: 4842219396546108}
  - component: {fileID: 33705752982445966}
  - component: {fileID: 114967205059476948}
  - component: {fileID: 23014586675829846}
  - component: {fileID: 114062125531912296}
  m_Layer: 0
  m_Name: Arrowhead
  m_TagString: Untagged
  m_Icon: {fileID: 0}
  m_NavMeshLayer: 0
  m_StaticEditorFlags: 0
  m_IsActive: 1
--- !u!1 &1352252911195998
GameObject:
  m_ObjectHideFlags: 0
  m_PrefabParentObject: {fileID: 0}
  m_PrefabInternal: {fileID: 100100000}
  serializedVersion: 5
  m_Component:
  - component: {fileID: 4664041051014642}
  - component: {fileID: 212171932012887770}
  m_Layer: 10
  m_Name: Arrow
  m_TagString: Untagged
  m_Icon: {fileID: 0}
  m_NavMeshLayer: 0
  m_StaticEditorFlags: 0
  m_IsActive: 0
--- !u!1 &1378079866890406
GameObject:
  m_ObjectHideFlags: 0
  m_PrefabParentObject: {fileID: 0}
  m_PrefabInternal: {fileID: 100100000}
  serializedVersion: 5
  m_Component:
  - component: {fileID: 4737895287296066}
  - component: {fileID: 33597959581042504}
  - component: {fileID: 114879993038471602}
  - component: {fileID: 23064366764456544}
  - component: {fileID: 114870616073422178}
  m_Layer: 0
  m_Name: ARrowshaft
  m_TagString: Untagged
  m_Icon: {fileID: 0}
  m_NavMeshLayer: 0
  m_StaticEditorFlags: 0
  m_IsActive: 1
--- !u!1 &1434443299338966
GameObject:
  m_ObjectHideFlags: 0
  m_PrefabParentObject: {fileID: 0}
  m_PrefabInternal: {fileID: 100100000}
  serializedVersion: 5
  m_Component:
  - component: {fileID: 4351122160486392}
  - component: {fileID: 114917330526768486}
  m_Layer: 10
  m_Name: Player Aim
  m_TagString: Untagged
  m_Icon: {fileID: 0}
  m_NavMeshLayer: 0
  m_StaticEditorFlags: 0
  m_IsActive: 1
--- !u!4 &4351122160486392
Transform:
  m_ObjectHideFlags: 1
  m_PrefabParentObject: {fileID: 0}
  m_PrefabInternal: {fileID: 100100000}
  m_GameObject: {fileID: 1434443299338966}
  m_LocalRotation: {x: -0, y: -0, z: -0, w: 1}
  m_LocalPosition: {x: 0, y: 0.01, z: 0}
  m_LocalScale: {x: 1, y: 1, z: 1}
  m_Children:
  - {fileID: 4664041051014642}
  - {fileID: 4842219396546108}
  - {fileID: 4737895287296066}
  m_Father: {fileID: 0}
  m_RootOrder: 0
  m_LocalEulerAnglesHint: {x: 0, y: 0, z: 0}
--- !u!4 &4664041051014642
Transform:
  m_ObjectHideFlags: 1
  m_PrefabParentObject: {fileID: 0}
  m_PrefabInternal: {fileID: 100100000}
  m_GameObject: {fileID: 1352252911195998}
  m_LocalRotation: {x: 0.7071068, y: 0, z: 0, w: 0.7071068}
  m_LocalPosition: {x: 0, y: 0.006, z: 0}
  m_LocalScale: {x: 0.23603816, y: 1.1441056, z: 0.37095988}
  m_Children: []
  m_Father: {fileID: 4351122160486392}
  m_RootOrder: 0
  m_LocalEulerAnglesHint: {x: 90, y: 0, z: 0}
--- !u!4 &4737895287296066
Transform:
  m_ObjectHideFlags: 1
  m_PrefabParentObject: {fileID: 0}
  m_PrefabInternal: {fileID: 100100000}
  m_GameObject: {fileID: 1378079866890406}
  m_LocalRotation: {x: -0, y: -0, z: -0, w: 1}
  m_LocalPosition: {x: 0, y: 0, z: 0}
  m_LocalScale: {x: 1, y: 1, z: 1}
  m_Children: []
  m_Father: {fileID: 4351122160486392}
  m_RootOrder: 2
  m_LocalEulerAnglesHint: {x: 0, y: 0, z: 0}
--- !u!4 &4842219396546108
Transform:
  m_ObjectHideFlags: 1
  m_PrefabParentObject: {fileID: 0}
  m_PrefabInternal: {fileID: 100100000}
  m_GameObject: {fileID: 1317520072850824}
  m_LocalRotation: {x: -0, y: -0, z: -0, w: 1}
  m_LocalPosition: {x: 0, y: 0, z: 1}
  m_LocalScale: {x: 1, y: 1, z: 1}
  m_Children: []
  m_Father: {fileID: 4351122160486392}
  m_RootOrder: 1
  m_LocalEulerAnglesHint: {x: 0, y: 0, z: 0}
--- !u!23 &23014586675829846
MeshRenderer:
  m_ObjectHideFlags: 1
  m_PrefabParentObject: {fileID: 0}
  m_PrefabInternal: {fileID: 100100000}
  m_GameObject: {fileID: 1317520072850824}
  m_Enabled: 1
  m_CastShadows: 0
  m_ReceiveShadows: 0
  m_MotionVectors: 2
  m_LightProbeUsage: 0
  m_ReflectionProbeUsage: 0
  m_Materials:
  - {fileID: 2100000, guid: 86dcd82a354f6054995bbeea6e754ac6, type: 2}
  m_StaticBatchInfo:
    firstSubMesh: 0
    subMeshCount: 0
  m_StaticBatchRoot: {fileID: 0}
  m_ProbeAnchor: {fileID: 0}
  m_LightProbeVolumeOverride: {fileID: 0}
  m_ScaleInLightmap: 1
  m_PreserveUVs: 0
  m_IgnoreNormalsForChartDetection: 0
  m_ImportantGI: 0
  m_SelectedEditorRenderState: 1
  m_MinimumChartSize: 4
  m_AutoUVMaxDistance: 0.5
  m_AutoUVMaxAngle: 89
  m_LightmapParameters: {fileID: 0}
  m_SortingLayerID: 0
  m_SortingOrder: 0
--- !u!23 &23064366764456544
MeshRenderer:
  m_ObjectHideFlags: 1
  m_PrefabParentObject: {fileID: 0}
  m_PrefabInternal: {fileID: 100100000}
  m_GameObject: {fileID: 1378079866890406}
  m_Enabled: 1
  m_CastShadows: 0
  m_ReceiveShadows: 0
  m_MotionVectors: 2
  m_LightProbeUsage: 0
  m_ReflectionProbeUsage: 0
  m_Materials:
  - {fileID: 2100000, guid: 86dcd82a354f6054995bbeea6e754ac6, type: 2}
  m_StaticBatchInfo:
    firstSubMesh: 0
    subMeshCount: 0
  m_StaticBatchRoot: {fileID: 0}
  m_ProbeAnchor: {fileID: 0}
  m_LightProbeVolumeOverride: {fileID: 0}
  m_ScaleInLightmap: 1
  m_PreserveUVs: 0
  m_IgnoreNormalsForChartDetection: 0
  m_ImportantGI: 0
  m_SelectedEditorRenderState: 1
  m_MinimumChartSize: 4
  m_AutoUVMaxDistance: 0.5
  m_AutoUVMaxAngle: 89
  m_LightmapParameters: {fileID: 0}
  m_SortingLayerID: 0
  m_SortingOrder: 0
--- !u!33 &33597959581042504
MeshFilter:
  m_ObjectHideFlags: 1
  m_PrefabParentObject: {fileID: 0}
  m_PrefabInternal: {fileID: 100100000}
  m_GameObject: {fileID: 1378079866890406}
  m_Mesh: {fileID: 0}
--- !u!33 &33705752982445966
MeshFilter:
  m_ObjectHideFlags: 1
  m_PrefabParentObject: {fileID: 0}
  m_PrefabInternal: {fileID: 100100000}
  m_GameObject: {fileID: 1317520072850824}
  m_Mesh: {fileID: 0}
--- !u!114 &114062125531912296
MonoBehaviour:
  m_ObjectHideFlags: 1
  m_PrefabParentObject: {fileID: 0}
  m_PrefabInternal: {fileID: 100100000}
  m_GameObject: {fileID: 1317520072850824}
  m_Enabled: 1
  m_EditorHideFlags: 0
  m_Script: {fileID: 185759285, guid: 0472bdc8d6d15384d98f22ee34302f9c, type: 3}
  m_Name: 
  m_EditorClassIdentifier: 
  _quads:
  - _indices: 020000000100000000000000
    _distinctIndices: 020000000100000000000000
    _edges:
    - x: 2
      y: 1
    - x: 1
      y: 0
    - x: 0
      y: 2
    _smoothingGroup: 0
    _uv:
      useWorldSpace: 0
      flipU: 0
      flipV: 0
      swapUV: 0
      fill: 1
      scale: {x: 1, y: 1}
      offset: {x: 0, y: 0}
      rotation: 0
      justify: 0
      localPivot: {x: 0.0625, y: 0.0625}
      localSize: {x: 0, y: 0}
      anchor: 6
    _mat: {fileID: 2100000, guid: 86dcd82a354f6054995bbeea6e754ac6, type: 2}
    manualUV: 0
    elementGroup: -1
    textureGroup: -1
  _sharedIndices:
  - array: 00000000
  - array: 01000000
  - array: 02000000
  _vertices:
  - {x: -0.0625, y: 0, z: -0.125}
  - {x: 0.0625, y: 0, z: -0.125}
  - {x: 0, y: 0, z: 0}
  _uv:
  - {x: 0, y: 0}
  - {x: 0.125, y: 0}
  - {x: 0.0625, y: 0.125}
  _uv3:
  - {x: 0, y: 0, z: 0, w: 0}
  - {x: 0, y: 0, z: 0, w: 0}
  - {x: 0, y: 0, z: 0, w: 0}
  - {x: 0, y: 0, z: 0, w: 0}
  - {x: 0, y: 0, z: 0, w: 0}
  - {x: 0, y: 0, z: 0, w: 0}
  - {x: 0, y: 0, z: 0, w: 0}
  _uv4:
  - {x: 0, y: 0, z: 0, w: 0}
  - {x: 0, y: 0, z: 0, w: 0}
  - {x: 0, y: 0, z: 0, w: 0}
  - {x: 0, y: 0, z: 0, w: 0}
  - {x: 0, y: 0, z: 0, w: 0}
  - {x: 0, y: 0, z: 0, w: 0}
  - {x: 0, y: 0, z: 0, w: 0}
  _tangents: []
  _sharedIndicesUV: []
  _colors:
  - {r: 1, g: 1, b: 1, a: 1}
  - {r: 1, g: 1, b: 1, a: 1}
  - {r: 1, g: 1, b: 1, a: 1}
  userCollisions: 0
  isSelectable: 1
  unwrapParameters:
    hardAngle: 88
    packMargin: 4
    angleError: 8
    areaError: 15
  asset_guid: 
  dontDestroyMeshOnDelete: 0
  m_selectedFaces: 
  m_SelectedEdges: []
  m_selectedTriangles: 
--- !u!114 &114870616073422178
MonoBehaviour:
  m_ObjectHideFlags: 1
  m_PrefabParentObject: {fileID: 0}
  m_PrefabInternal: {fileID: 100100000}
  m_GameObject: {fileID: 1378079866890406}
  m_Enabled: 1
  m_EditorHideFlags: 0
  m_Script: {fileID: 185759285, guid: 0472bdc8d6d15384d98f22ee34302f9c, type: 3}
  m_Name: 
  m_EditorClassIdentifier: 
  _quads:
  - _indices: 000000000100000002000000010000000300000002000000
    _distinctIndices: 00000000010000000200000003000000
    _edges:
    - x: 0
      y: 1
    - x: 2
      y: 0
    - x: 1
      y: 3
    - x: 3
      y: 2
    _smoothingGroup: 0
    _uv:
      useWorldSpace: 0
      flipU: 0
      flipV: 0
      swapUV: 0
      fill: 1
      scale: {x: 1, y: 1}
      offset: {x: 0, y: 0}
      rotation: 0
      justify: 0
      localPivot: {x: 0.0625, y: 0.5}
      localSize: {x: 0, y: 0}
      anchor: 6
    _mat: {fileID: 2100000, guid: 86dcd82a354f6054995bbeea6e754ac6, type: 2}
    manualUV: 0
    elementGroup: 0
    textureGroup: -1
  _sharedIndices:
  - array: 00000000
  - array: 01000000
  - array: 02000000
  - array: 03000000
  _vertices:
  - {x: -0.0625, y: 0, z: 0}
  - {x: -0.0625, y: 0, z: 1}
  - {x: 0.0625, y: 0, z: 0}
  - {x: 0.0625, y: 0, z: 1}
  _uv:
  - {x: 0, y: 0}
  - {x: 0, y: 1}
  - {x: 0.125, y: 0}
  - {x: 0.125, y: 1}
  _uv3:
  - {x: 0, y: 0, z: 0, w: 0}
  - {x: 0, y: 0, z: 0, w: 0}
  - {x: 0, y: 0, z: 0, w: 0}
  - {x: 0, y: 0, z: 0, w: 0}
  - {x: 0, y: 0, z: 0, w: 0}
  - {x: 0, y: 0, z: 0, w: 0}
  - {x: 0, y: 0, z: 0, w: 0}
  _uv4:
  - {x: 0, y: 0, z: 0, w: 0}
  - {x: 0, y: 0, z: 0, w: 0}
  - {x: 0, y: 0, z: 0, w: 0}
  - {x: 0, y: 0, z: 0, w: 0}
  - {x: 0, y: 0, z: 0, w: 0}
  - {x: 0, y: 0, z: 0, w: 0}
  - {x: 0, y: 0, z: 0, w: 0}
  _tangents: []
  _sharedIndicesUV: []
  _colors:
  - {r: 1, g: 1, b: 1, a: 1}
  - {r: 1, g: 1, b: 1, a: 1}
  - {r: 1, g: 1, b: 1, a: 1}
  - {r: 1, g: 1, b: 1, a: 1}
  userCollisions: 0
  isSelectable: 1
  unwrapParameters:
    hardAngle: 88
    packMargin: 4
    angleError: 8
    areaError: 15
  asset_guid: 
  dontDestroyMeshOnDelete: 0
  m_selectedFaces: 
  m_SelectedEdges: []
  m_selectedTriangles: 
--- !u!114 &114879993038471602
MonoBehaviour:
  m_ObjectHideFlags: 1
  m_PrefabParentObject: {fileID: 0}
  m_PrefabInternal: {fileID: 100100000}
  m_GameObject: {fileID: 1378079866890406}
  m_Enabled: 1
  m_EditorHideFlags: 0
  m_Script: {fileID: 16342205, guid: 0472bdc8d6d15384d98f22ee34302f9c, type: 3}
  m_Name: 
  m_EditorClassIdentifier: 
  _entityType: 0
--- !u!114 &114917330526768486
MonoBehaviour:
  m_ObjectHideFlags: 1
  m_PrefabParentObject: {fileID: 0}
  m_PrefabInternal: {fileID: 100100000}
  m_GameObject: {fileID: 1434443299338966}
  m_Enabled: 1
  m_EditorHideFlags: 0
  m_Script: {fileID: 11500000, guid: be8ccfca4375d7c489a6c8144f80a3a5, type: 3}
  m_Name: 
  m_EditorClassIdentifier: 
  target: {fileID: 0}
  arrowhead: {fileID: 4842219396546108}
  arrowShaft: {fileID: 4737895287296066}
  offset: {x: 0, y: -0.1, z: 0}
  layerMask:
    serializedVersion: 2
    m_Bits: 49920
--- !u!114 &114967205059476948
MonoBehaviour:
  m_ObjectHideFlags: 1
  m_PrefabParentObject: {fileID: 0}
  m_PrefabInternal: {fileID: 100100000}
  m_GameObject: {fileID: 1317520072850824}
  m_Enabled: 1
  m_EditorHideFlags: 0
  m_Script: {fileID: 16342205, guid: 0472bdc8d6d15384d98f22ee34302f9c, type: 3}
  m_Name: 
  m_EditorClassIdentifier: 
  _entityType: 0
--- !u!212 &212171932012887770
SpriteRenderer:
  m_ObjectHideFlags: 1
  m_PrefabParentObject: {fileID: 0}
  m_PrefabInternal: {fileID: 100100000}
  m_GameObject: {fileID: 1352252911195998}
  m_Enabled: 1
  m_CastShadows: 0
  m_ReceiveShadows: 0
  m_MotionVectors: 1
  m_LightProbeUsage: 0
  m_ReflectionProbeUsage: 0
  m_Materials:
  - {fileID: 10754, guid: 0000000000000000f000000000000000, type: 0}
  m_StaticBatchInfo:
    firstSubMesh: 0
    subMeshCount: 0
  m_StaticBatchRoot: {fileID: 0}
  m_ProbeAnchor: {fileID: 0}
  m_LightProbeVolumeOverride: {fileID: 0}
  m_ScaleInLightmap: 1
  m_PreserveUVs: 0
  m_IgnoreNormalsForChartDetection: 0
  m_ImportantGI: 0
  m_SelectedEditorRenderState: 0
  m_MinimumChartSize: 4
  m_AutoUVMaxDistance: 0.5
  m_AutoUVMaxAngle: 89
  m_LightmapParameters: {fileID: 0}
  m_SortingLayerID: 0
  m_SortingOrder: 0
  m_Sprite: {fileID: 21300000, guid: becbfd80656f0e946b9458b7bf446675, type: 3}
  m_Color: {r: 0.5955882, g: 0.94979715, b: 1, a: 0.684}
  m_FlipX: 0
  m_FlipY: 0
